<?xml version="1.0" encoding="UTF-8"?><collection xmlns="http://www.loc.gov/MARC21/slim"><record><leader>00534nam--2200181-u-4500</leader><controlfield tag="001">000055755</controlfield><controlfield tag="002">20161230</controlfield><controlfield tag="005">20161230201052</controlfield><controlfield tag="008">130411s1000------------r-----000-0-eng-d</controlfield><datafield ind1=" " ind2=" " tag="020"><subfield code="a">0898713099</subfield></datafield><datafield ind1=" " ind2=" " tag="040"><subfield code="a">IFIN-HH</subfield></datafield><datafield ind1=" " ind2=" " tag="080"><subfield code="a">621.391</subfield></datafield><datafield ind1="1" ind2=" " tag="100"><subfield code="a">Meyer, Yves</subfield></datafield><datafield ind1="1" ind2="0" tag="245"><subfield code="a">Wavelets</subfield><subfield code="b">Algoritms and applications translated and revised by robert d. ryan</subfield><subfield code="c">Yves meyer</subfield></datafield><datafield ind1=" " ind2=" " tag="260"><subfield code="a">Philadelphia</subfield><subfield code="b">Society For Industrial And Applied Mathematics</subfield><subfield code="c">1993</subfield></datafield><datafield ind1=" " ind2=" " tag="300"><subfield code="a">XI+133P</subfield></datafield><datafield ind1=" " ind2=" " tag="852"><subfield code="a">80796</subfield><subfield code="c">621.391</subfield></datafield><datafield ind1=" " ind2=" " tag="CAT"><subfield code="a">Sys</subfield><subfield code="c">20130411</subfield><subfield code="h">130009</subfield></datafield></record></collection>